<record><leader>00000cas a22000007a 4500</leader><controlfield tag="001">10931775</controlfield><controlfield tag="008">840710d19011903ohudn ne      0    0eng d</controlfield><controlfield tag="009">3783</controlfield><datafield ind1=" " ind2=" " tag="010"><subfield code="a">sn 84028349 </subfield></datafield><datafield ind1=" " ind2=" " tag="040"><subfield code="a">NPY</subfield><subfield code="b">eng</subfield><subfield code="c">NPY</subfield><subfield code="d">ONP</subfield></datafield><datafield ind1=" " ind2=" " tag="042"><subfield code="a">msc</subfield></datafield><datafield ind1="0" ind2=" " tag="130"><subfield code="a">Daily chronicle (Elyria, Ohio)</subfield></datafield><datafield ind1="0" ind2="4" tag="245"><subfield code="a">The Daily chronicle.</subfield></datafield><datafield ind1=" " ind2=" " tag="260"><subfield code="a">Elyria, Ohio :</subfield><subfield code="b">Lakeside Ptg. &amp; Pub. Co.,</subfield><subfield code="c">1901-1903.</subfield></datafield><datafield ind1=" " ind2=" " tag="300"><subfield code="a">v.</subfield></datafield><datafield ind1=" " ind2=" " tag="310"><subfield code="a">Daily (except Sun.)</subfield></datafield><datafield ind1="0" ind2=" " tag="362"><subfield code="a">Vol. 1, no. 1 (July 6, 1901)-v. 2, no. 179 (Feb. 3, 1903).</subfield></datafield><datafield ind1=" " ind2=" " tag="500"><subfield code="a">Editor: J.F. Burke.</subfield></datafield><datafield ind1=" " ind2=" " tag="752"><subfield code="a">United States</subfield><subfield code="b">Ohio</subfield><subfield code="c">Lorain</subfield><subfield code="d">Elyria.</subfield></datafield><datafield ind1="0" ind2=" " tag="775"><subfield code="t">Weekly chronicle (Elyria, Ohio)</subfield><subfield code="w">(DLC)sn 84028348</subfield></datafield><datafield ind1="0" ind2="0" tag="785"><subfield code="t">Elyria chronicle (Elyria, Ohio : 1903)</subfield><subfield code="w">(DLC)sn 84028350</subfield></datafield></record>